@inproceedings{Karayev-BMVC-2014,
  author = {Sergey Karayev and Matthew Trentacoste and Helen Han and Aseem Agarwala and Trevor Darrell and Aaron Hertzmann and Holger Winnemoeller},
  organization = {BMVC},
  title = {Recognizing Image Style},
  year = {2014}
}

@inproceedings{Karayev-ICMLW-2013,
  author = {Karayev, Sergey and Fritz, Mario and Darrell, Trevor},
  organization = {ICML-W},
  title = {Dynamic Feature Selection for Classification on a Budget},
  year = {2013}
}

@inproceedings{Zhang-ECCV-2014,
  author        = {Ning Zhang and Jeff Donahue and Ross Girshick and Trevor Darrell},
  title         = {Part-based R-CNNs for Fine-grained Category Detection},
  organization  = {ECCV},
  year          = {2014}
}

@article{Graves-arxiv-2013,
  author        = {Alex Graves},
  title         = {Generating Sequences With Recurrent Neural Networks},
  journal       = {CoRR},
  year          = {2013},
  volume        = {abs/1308.0850},
  url           = {http://arxiv.org/abs/1308.0850},
  timestamp     = {Mon, 10 Nov 2014 00:52:01 +0100},
  biburl        = {http://dblp.uni-trier.de/rec/bib/journals/corr/Graves13},
  bibsource     = {dblp computer science bibliography, http://dblp.org}
}
@article{Hegde-Neuro-2008,
  Author        = {Jay Hegde},
  Date-Added    = {2013-10-27 21:20:30 +0000},
  Date-Modified = {2013-10-27 21:21:17 +0000},
  Journal       = {Progress in Neurobiology},
  Title         = {Time course of visual perception: Coarse-to-fine processing and beyond},
  Year          = {2008}
}

@inproceedings{DulacArnold-ICLR-2014,
  Author        = {Gabriel Dulac-Arnold and Ludovic Denoyer and Nicolas Thome and Matthieu Cord and Patrick Gallinari},
  Title         = {Sequentially Generated Instance-Dependent Image Representations for Classification},
  Year          = {2014},
  Booktitle     = {ICLR}
}

@inproceedings{Weiss-ICCV-2013,
  title         = {Dynamic structured model selection},
  author        = {Weiss, David and Sapp, Benjamin and Taskar, Ben},
  year          = {2013},
  organization  = {ICCV}
}

