@inproceedings{krizhevsky2012imagenet,
author = {Alex Krizhevsky and Ilya Sutskever and Geoff E. Hinton},
title = {{ImageNet Classification with Deep Convolutional Neural Networks}},
booktitle = {NIPS},
year = {2012}
}

@misc{Jia13caffe,
   Author = {Yangqing Jia},
   Title = {{Caffe}: an Open Source Convolutional Architecture for Fast Feature Embedding},
   Year  = {2013},
   Howpublished = {\url{http://caffe.berkeleyvision.org/}}
}

@inproceedings{Mensink2014,
title = {{The Rijksmuseum Challenge: Museum-Centered Visual Recognition}},
author = {Thomas Mensink and Jan van Gemert},
booktitle = {ICMR},
year = {2014}
}

@inproceedings{joo2014,
author = {Jungseock Joo and Weixin Li and Francis Steen and Song-Chun Zhu},
title = {{Visual Persuasion: Inferring Communicative Intents of Images}},
booktitle = {CVPR},
year = {2014}
}

@inproceedings{khosla2014,
title = {{What Makes an Image Popular?}},
author = {A. Khosla and A. Das Sarma and R. Hamid},
booktitle = {WWW},
year = {2014}
}

@inproceedings{gemert2011,
author = {Jan C. {van Gemert}},
title = {{Exploiting Photographic Style for Category-Level Image Classification by Generalizing the Spatial Pyramid}},
booktitle = {ICMR},
year = {2011}
}

@article{shamir2010,
author = {Lior Shamir and Tomasz Macura and Nikita Orlov and D. Mark Eckley and Ilya G. Goldberg},
title = {{Impressionism, Expressionism, Surrealism: Automated Recognition of Painters and Schools of Art}},
journal = {ACM Trans.~Applied Perc.},
year = {2010},
volume = {7},
number = {2}
}

@inproceedings{keren2002,
title = {{Painter Identification Using Local Features and Naive Bayes}},
author = {Daniel Keren},
booktitle = {ICPR},
year = {2002}
}

@article{duchi2011adaptive,
  title={{Adaptive Subgradient Methods for Online Learning and Stochastic Optimization}},
  author={Duchi, John and Hazan, Elad and Singer, Yoram},
  journal={Journal of Machine Learning Research},
  year={2011},
  publisher={JMLR. org}
}

@inproceedings{Li-NIPS-2010,
author = {Li, Li-jia and Su, Hao and Xing, Eric P and Fei-fei, Li},
booktitle = {NIPS},
title = {{Object Bank: A High-Level Image Representation for Scene Classification \& Semantic Feature Sparsification}},
year = {2010}
}

@article{Lyu-PNAS-2004,
author = {Siwei Lyu and Daniel Rockmore and Hany Farid},
title = {{A Digital Technique for Art Authentication}},
year = {2004},
volume = {101},
number = {49},
journal = {PNAS}
}

@article{Hughes-PNAS-2010,
author = {James M. Hughes and Daniel J. Graham and Daniel M. Rockmore},
title = {Quantification of artistic style through sparse coding analysis in the drawings of {P}ieter {B}ruegel the {E}lder},
journal = {PNAS},
year = {2010},
volume = {107},
number = {4}
}

@techreport{Beygelzimer-2008,
author = {Beygelzimer, Alina and Langford, John and Ravikumar, Pradeep},
file = {:Users/sergeyk/Dropbox/Documents/Mendeley/Beygelzimer, Langford, Ravikumar/Beygelzimer, Langford, Ravikumar - 2008 - Error-Correcting Tournaments.pdf:pdf},
title = {{Error-Correcting Tournaments}},
year = {2008}
}
@article{Machajdik2010,
address = {New York, New York, USA},
author = {Machajdik, Jana and Hanbury, Allan},
doi = {10.1145/1873951.1873965},
file = {::},
isbn = {9781605589336},
journal = {MM},
keywords = {art theory,emotional semantic image retrieval,image affect,image classification,image features,psychology},
publisher = {ACM Press},
title = {{Affective image classification using features inspired by psychology and art theory}},
url = {http://dl.acm.org/citation.cfm?doid=1873951.1873965},
year = {2010}
}
@inproceedings{Isola-CVPR-2011,
author = {Isola, Phillip and Xiao, Jianxiong and Torralba, Antonio and Oliva, Aude},
booktitle = {CVPR},
file = {:Users/sergeyk/Dropbox/Documents/Mendeley/Isola et al/Isola et al. - 2011 - What makes an image memorable.pdf:pdf},
title = {{What Makes an Image Memorable?}},
year = {2011}
}
%isbn = {978-1-4577-0394-2},
%url = {http://ieeexplore.ieee.org/lpdocs/epic03/wrapper.htm?arnumber=5995721},
%doi = {10.1109/CVPR.2011.5995721},

@inproceedings{Marchesotti-BMVC-2013,
author = {Marchesotti, Luca and Perronnin, Florent},
booktitle = {BMVC},
file = {:Users/sergeyk/Dropbox/Documents/Mendeley/Marchesotti, Perronnin/Marchesotti, Perronnin - 2013 - Learning beautiful (and ugly) attributes(2).pdf:pdf},
title = {{Learning beautiful (and ugly) attributes}},
year = {2013}
}
@techreport{Donahue2013,
archivePrefix = {arXiv},
arxivId = {arXiv:1310.1531v1},
author = {Donahue, Jeff and Jia, Yangqing and Vinyals, Oriol and Hoffman, Judy and Zhang, Ning and Tzeng, Eric and Darrell, Trevor and Eecs, Trevor and Edu, Berkeley},
note = {arXiv:1310.1531v1},
file = {:Users/sergeyk/Dropbox/Documents/Mendeley/Donahue et al/Donahue et al. - 2013 - DeCAF A Deep Convolutional Activation Feature for Generic Visual Recognition.pdf:pdf},
title = {{DeCAF: A Deep Convolutional Activation Feature for Generic Visual Recognition}},
year = {2013}
}
@inproceedings{Wang2008,
author = {Wang, Weining and He, Quinhua},
booktitle = {ICIP},
doi = {10.1109/ICIP.2008.4711705},
file = {::},
isbn = {978-1-4244-1765-0},
publisher = {Ieee},
title = {{A survey on emotional semantic image retrieval}},
url = {http://ieeexplore.ieee.org/lpdocs/epic03/wrapper.htm?arnumber=4711705},
year = {2008}
}
@inproceedings{Hariharan-ECCV-2012,
author = {Hariharan, Bharath and Malik, Jitendra and Ramanan, Deva},
booktitle = {ECCV},
file = {:Users/sergeyk/Dropbox/Documents/Mendeley/Hariharan, Malik, Ramanan/Hariharan, Malik, Ramanan - 2012 - Discriminative Decorrelation for Clustering and Classification.pdf:pdf},
pages = {1--14},
title = {{Discriminative Decorrelation for Clustering and Classification}},
year = {2012}
}
@article{Li-SP-2009,
author = {Li, Congcong and Chen, Tsuhan},
file = {:Users/sergeyk/Dropbox/Documents/Mendeley/Li, Chen/Li, Chen - 2009 - Aesthetic Visual Quality Assessment of Paintings.pdf:pdf},
journal = {IEEE Journal of Selected Topics in Signal Processing},
number = {2},
pages = {236--252},
title = {{Aesthetic Visual Quality Assessment of Paintings}},
volume = {3},
year = {2009}
}
%url = {http://ieeexplore.ieee.org/lpdocs/epic03/wrapper.htm?arnumber=4799314},
%doi = {10.1109/JSTSP.2009.2015077},
%issn = {1932-4553},

@inproceedings{Yanulevskaya2008,
author = {Yanulevskaya, V. and Gemert, J. C. Van and Roth, K. and Herbold, A. K. and Sebe, N. and Geusebroek, J. M.},
booktitle = {ICIP},
file = {::},
isbn = {9781424417643},
title = {{Emotional valence categorization using holistic image features}},
year = {2008}
}
@inproceedings{Csurka2010,
address = {New York, New York, USA},
author = {Csurka, Gabriela and Skaff, Sandra and Marchesotti, Luca and Saunders, Craig},
booktitle = {ICVGIP},
doi = {10.1145/1924559.1924599},
file = {::},
isbn = {9781450300605},
publisher = {ACM Press},
title = {{Learning moods and emotions from color combinations}},
url = {http://portal.acm.org/citation.cfm?doid=1924559.1924599},
year = {2010}
}
@inproceedings{Bergamo-CVPR-2012,
author = {Bergamo, A. and Torresani, L.},
booktitle = {CVPR},
title = {{Meta-class Features for Large-Scale Object Categorization on a Budget}},
year = {2012}
}

@inproceedings{Azimi2012,
address = {New York, New York, USA},
author = {Azimi, Javad and Zhang, Ruofei and Zhou, Yang and Navalpakkam, Vidhya and Mao, Jianchang and Fern, Xiaoli},
booktitle = {CIKM},
doi = {10.1145/2396761.2396826},
file = {::},
isbn = {9781450311564},
keywords = {creative recommendation,online advertising,this work was done,visual features,was an intern at,while the first author,yahoo},
publisher = {ACM Press},
title = {{Visual appearance of display ads and its effect on click through rate}},
url = {http://dl.acm.org/citation.cfm?doid=2396761.2396826 http://javad-azimi.com/Research.html\#Yahoo},
year = {2012}
}
@article{Lampert-CVPR-2009,
author = {Lampert, C H and Nickisch, H and Harmeling, S},
doi = {10.1109/CVPR.2009.5206594},
isbn = {978-1-4244-3992-8},
journal = {2009 IEEE Conference on Computer Vision and Pattern Recognition},
title = {{Learning to detect unseen object classes by between-class attribute transfer}},
url = {http://ieeexplore.ieee.org/lpdocs/epic03/wrapper.htm?arnumber=5206594},
year = {2009}
}
@inproceedings{Marchesotti2011,
author = {Marchesotti, Luca and Perronnin, Florent and Larlus, Diane and Csurka, Gabriela},
booktitle = {ICCV},
file = {::},
isbn = {9781457711022},
title = {{Assessing the aesthetic quality of photographs using generic image descriptors}},
year = {2011}
}
@inproceedings{Dellandrea2010,
author = {Dellandrea, Emmanuel and Liu, Ningning and Chen, Liming},
booktitle = {CBMI},
file = {::},
isbn = {9781424480272},
title = {{Classification of affective semantics in images based on discrete and dimensional models of emotions}},
year = {2010}
}
@incollection{Jin-2013,
author = {Jin, Jesse S. and Xu, Changsheng and Xu, Min},
booktitle = {The Era of Interactive Media},
doi = {10.1007/978-1-4614-3501-3},
file = {:Users/sergeyk/Dropbox/Documents/Mendeley/Jin, Xu, Xu/Jin, Xu, Xu - 2013 - Image Re-Emotionalizing.pdf:pdf},
isbn = {978-1-4614-3500-6},
title = {{Image Re-Emotionalizing}},
url = {http://www.springerlink.com/index/10.1007/978-1-4614-3501-3},
year = {2013}
}
@inproceedings{Deng-CVPR-2009,
author = {Deng, Jia and Dong, W. and Socher, R. and Li, L.-J. and Li, K. and Fei-Fei, Li},
booktitle = {CVPR},
title = {{ImageNet: A Large-Scale Hierarchical Image Database}},
year = {2009}
}
@inproceedings{Murray-CVPR-2012,
author = {Murray, Naila and Barcelona, De and Marchesotti, Luca and Perronnin, Florent},
booktitle = {CVPR},
file = {:Users/sergeyk/Dropbox/Documents/Mendeley/Murray et al/Murray et al. - 2012 - AVA A Large-Scale Database for Aesthetic Visual Analysis.pdf:pdf},
title = {{AVA: A Large-Scale Database for Aesthetic Visual Analysis}},
year = {2012}
}
@inproceedings{Celikkale-CVPRW-2013,
author = {Celikkale, Bora and Erdem, Aykut and Erdem, Erkut},
booktitle = {CVPR-W},
file = {::},
title = {{Visual Attention-driven Spatial Pooling for Image Memorability}},
year = {2013}
}
@article{Oliva-IJCV-2001,
author = {Oliva, Aude and Torralba, Antonio},
file = {:Users/sergeyk/Dropbox/Documents/Mendeley/Oliva, Torralba/Oliva, Torralba - 2001 - Modeling the Shape of the Scene A Holistic Representation of the Spatial Envelope.pdf:pdf},
journal = {IJCV},
keywords = {energy spectrum,natural images,principal components,scene recognition,spatial layout},
number = {3},
pages = {145--175},
title = {{Modeling the Shape of the Scene: A Holistic Representation of the Spatial Envelope}},
volume = {42},
year = {2001}
}
@inproceedings{Datta-ECCV-2006,
author = {Datta, Ritendra and Joshi, Dhiraj and Li, Jia and Wang, James Z},
booktitle = {ECCV},
file = {:Users/sergeyk/Dropbox/Documents/Mendeley/Datta et al/Datta et al. - 2006 - Studying Aesthetics in Photographic Images Using a Computational Approach.pdf:pdf},
title = {{Studying Aesthetics in Photographic Images Using a Computational Approach}},
year = {2006}
}
@inproceedings{Xue-PG-2013,
author = {Xue, S and Agarwala, Aseem and Dorsey, J and Rushmeier, H and Fincher, David},
booktitle = {Pacific Graphics},
file = {:Users/sergeyk/Dropbox/Documents/Mendeley/Xue et al/Xue et al. - 2013 - Learning and Applying Color Styles From Feature Films.pdf:pdf},
number = {7},
title = {{Learning and Applying Color Styles From Feature Films}},
volume = {32},
year = {2013}
}
@misc{pascal-voc-2010,
author = {Everingham, M and {Van Gool}, L and Williams, C K I and Winn, J and Zisserman, A},
title = {{The PASCAL VOC Challenge Results}},
year = {2010}
}

%howpublished = {http://www.pascal-network.org/challenges/VOC/voc2010/workshop/index.html},

@article{Hwang2011,
author = {Hwang, Sung Ju and Grauman, Kristen},
doi = {10.1007/s11263-011-0494-3},
file = {::},
issn = {0920-5691},
journal = {International Journal of Computer Vision},
keywords = {auto annotation,correlation analysis,cross-modal retrieval,image retrieval,image search,image tags,kernelized canonical,multi-modal,object,recognition,retrieval},
number = {2},
pages = {134--153},
title = {{Learning the Relative Importance of Objects from Tagged Images for Retrieval and Cross-Modal Search}},
url = {http://link.springer.com/10.1007/s11263-011-0494-3},
volume = {100},
year = {2011}
}
@article{Russell-1980,
author = {Russell, James A.},
file = {::},
journal = {Journal of Personality and Social Psychology},
title = {{A Circumplex Model of Affect}},
year = {1980}
}
@inproceedings{Lo2012,
author = {Lo, Kuo-Yen and Liu, Keng-Hao and Chen, Chu-Song},
booktitle = {ICPR},
file = {::},
isbn = {9784990644109},
title = {{Assessment of Photo Aesthetics with Efficiency}},
year = {2012}
}
@inproceedings{Parikh-ICCV-2011,
author = {Parikh, Devi and Grauman, Kristen},
booktitle = {ICCV},
isbn = {9781457711022},
title = {{Relative Attributes}},
year = {2011}
}
@inproceedings{Palermo-ECCV-2012,
author = {Palermo, Frank and Hays, James and Efros, Alexei A},
booktitle = {ECCV},
file = {:Users/sergeyk/Dropbox/Documents/Mendeley/Palermo, Hays, Efros/Palermo, Hays, Efros - 2012 - Dating Historical Color Images.pdf:pdf},
title = {{Dating Historical Color Images}},
year = {2012}
}
@inproceedings{Harel-NIPS-2006,
author = {Harel, Jonathan and Koch, Christof and Perona, Pietro},
booktitle = {NIPS},
file = {:Users/sergeyk/Dropbox/Documents/Mendeley/Harel, Koch, Perona/Harel, Koch, Perona - 2006 - Graph-Based Visual Saliency.pdf:pdf},
title = {{Graph-Based Visual Saliency}},
year = {2006}
}
@inproceedings{Lazebnik2006,
author = {Lazebnik, S. and Schmid, C. and Ponce, J.},
booktitle = {Computer Vision and Pattern Recognition},
doi = {10.1109/CVPR.2006.68},
file = {::},
isbn = {0-7695-2597-0},
pages = {2169--2178},
publisher = {Ieee},
title = {{Beyond Bags of Features: Spatial Pyramid Matching for Recognizing Natural Scene Categories}},
url = {http://ieeexplore.ieee.org/lpdocs/epic03/wrapper.htm?arnumber=1641019},
volume = {2},
year = {2006}
}
@inproceedings{Li2010b,
author = {Li, Shuo and Zhang, Yu-jin and Tan, Hua-chun},
booktitle = {ICIP},
file = {::},
isbn = {9781424479948},
title = {{Discovering Latent Semantic Factors for Emotional Picture Categorization}},
year = {2010}
}
@inproceedings{Santella2006,
address = {New York, New York, USA},
author = {Santella, Anthony and Agrawala, Maneesh and DeCarlo, Doug and Salesin, David and Cohen, Michael},
booktitle = {SIGCHI},
doi = {10.1145/1124772.1124886},
file = {::},
isbn = {1595933727},
pages = {771},
publisher = {ACM Press},
title = {{Gaze-based interaction for semi-automatic photo cropping}},
url = {http://portal.acm.org/citation.cfm?doid=1124772.1124886},
year = {2006}
}
@article{Agarwal-JMLR-2012,
archivePrefix = {arXiv},
arxivId = {arXiv:1110.4198v3},
author = {Agarwal, Alekh and Chapelle, Olivier and Dudik, Miroslav and Langford, John},
eprint = {arXiv:1110.4198v3},
file = {:Users/sergeyk/Dropbox/Documents/Mendeley/Agarwal et al/Agarwal et al. - 2012 - A Reliable Effective Terascale Linear Learning System.pdf:pdf},
journal = {Journal of Machine Learning Research},
title = {{A Reliable Effective Terascale Linear Learning System}},
year = {2012}
}
@inproceedings{Dhar-CVPR-2011,
author = {Sagnik Dhar and Vicente Ordonez and Tamara L Berg},
booktitle = {CVPR},
file = {:Users/sergeyk/Dropbox/Documents/Mendeley/Dhar, Berg, Brook/Dhar, Berg, Brook - 2011 - High Level Describable Attributes for Predicting Aesthetics and Interestingness.pdf:pdf},
keywords = {printed},
mendeley-tags = {printed},
title = {{High Level Describable Attributes for Predicting Aesthetics and Interestingness}},
year = {2011}
}
@inproceedings{Liu2011,
author = {Liu, Ningning and Dellandr, Emmanuel and Tellez, Bruno and Chen, Liming},
booktitle = {Affective Computing and Intelligent Interaction (ACII)},
file = {::},
keywords = {affective image classification,textual feature,visual feature},
title = {{Associating Textual Features with Visual Ones to Improve Affective Image Classification}},
year = {2011}
}
@inproceedings{Murray-BMVC-2012,
author = {Murray, Naila and Marchesotti, Luca and Perronnin, Florent},
booktitle = {BMVC},
doi = {10.5244/C.26.110},
file = {::},
isbn = {1-901725-46-4},
title = {{Learning to rank images using semantic and aesthetic labels}},
url = {http://www.bmva.org/bmvc/2012/BMVC/paper110/index.html},
year = {2012}
}
@inproceedings{Gygli-ICCV-2013,
author = {Gygli, Michael and Nater, Fabian and Gool, Luc Van},
booktitle = {ICCV},
file = {:Users/sergeyk/Dropbox/Documents/Mendeley/Gygli, Nater, Gool/Gygli, Nater, Gool - 2013 - The Interestingness of Images.pdf:pdf},
title = {{The Interestingness of Images}},
year = {2013}
}
@article{Norton2012,
author = {Norton, David and Heath, Derrall and Ventura, Dan},
file = {::},
journal = {Journal of Creative Behaviour},
title = {{Finding Creativity in an Artificial Artist}},
year = {2012}
}
@article{Joshi-SP-2011,
author = {Joshi, Dhiraj and Datta, Ritendra and Fedorovskaya, Elena and Luong, Quang-tuan and Wang, James Z and Li, Jia and Luo, Jiebo},
doi = {10.1109/MSP.2011.941851},
journal = {IEEE Signal Processing Magazine},
number = {5},
pages = {94--115},
title = {{Aesthetics and Emotions in Images: A computational perspective}},
volume = {28},
year = {2011}
}
@article{Bianchi-Berthouze-2003,
author = {Bianchi-Berthouze, Nadia},
file = {:Users/sergeyk/Dropbox/Documents/Mendeley/Bianchi-Berthouze/Bianchi-Berthouze - 2003 - K-DIME An Affective Image Filtering System.pdf:pdf},
journal = {Multimedia at Work},
title = {{K-DIME: An Affective Image Filtering System}},
year = {2003}
}
@inproceedings{Ke-CVPR-2006,
author = {Ke, Yan and Tang, Xiaoou and Jing, Feng},
booktitle = {CVPR},
file = {::},
title = {{The Design of High-Level Features for Photo Quality Assessment}},
year = {2006}
}
@inproceedings{Borth-MM-2013,
author = {Borth, Damian and Ji, Rongrong and Chen, Tao and Breuel, Thomas M},
booktitle = {ACM MM},
file = {::},
title = {{Large-scale Visual Sentiment Ontology and Detectors Using Adjective Noun Pairs}},
year = {2013}
}
%isbn = {9781450324045},

@article{Sun2009,
address = {New York, New York, USA},
author = {Sun, Xiaoshuai and Yao, Hongxun and Ji, Rongrong and Liu, Shaohui},
doi = {10.1145/1631272.1631351},
file = {::},
isbn = {9781605586083},
journal = {ACM MM},
keywords = {bottom-up and top-down attention,computational visual attention model,of focused attention,photo assessment,printed,rate},
mendeley-tags = {printed},
publisher = {ACM Press},
title = {{Photo assessment based on computational visual attention model}},
url = {http://portal.acm.org/citation.cfm?doid=1631272.1631351},
year = {2009}
}
@article{Moorthy2010,
author = {Moorthy, A. and Obrador, Pere and Oliver, Nuria},
file = {::},
journal = {ECCV},
keywords = {subjective assessment,video aesthetics,video quality},
publisher = {Springer},
title = {{Towards computational models of the visual aesthetic appeal of consumer videos}},
url = {http://www.springerlink.com/index/G21X63481841608W.pdf},
year = {2010}
}
